<record><leader>00000cas a22000007a 4500</leader><controlfield tag="001">19613805</controlfield><controlfield tag="008">890427d19541966mouwr ne      0    0eng d</controlfield><datafield ind1=" " ind2=" " tag="010"><subfield code="a">sn 89066505 </subfield></datafield><datafield ind1=" " ind2=" " tag="040"><subfield code="a">MQN</subfield><subfield code="b">eng</subfield><subfield code="c">MQN</subfield><subfield code="d">OCLCQ</subfield></datafield><datafield ind1=" " ind2=" " tag="042"><subfield code="a">msc</subfield></datafield><datafield ind1="0" ind2="0" tag="245"><subfield code="a">Burlington Junction post and Skidmore news.</subfield></datafield><datafield ind1=" " ind2=" " tag="260"><subfield code="a">Burlington Junction, Mo. :</subfield><subfield code="b">Eugene Price</subfield></datafield><datafield ind1=" " ind2=" " tag="300"><subfield code="a">v.</subfield></datafield><datafield ind1=" " ind2=" " tag="310"><subfield code="a">Weekly</subfield></datafield><datafield ind1="1" ind2=" " tag="362"><subfield code="a">Began in 1954?</subfield></datafield><datafield ind1="0" ind2=" " tag="362"><subfield code="a">-v. 83, no. 52 (Dec. 30, 1966).</subfield></datafield><datafield ind1=" " ind2=" " tag="580"><subfield code="a">Merged with: Clearmont news, and: Elmo register, to form: Burlington Junction post (Burlington Junction, Mo. : 1967).</subfield></datafield><datafield ind1=" " ind2=" " tag="588"><subfield code="a">Description based on: Vol. 72, no. 8 (Feb. 25, 1955).</subfield></datafield><datafield ind1=" " ind2="4" tag="651"><subfield code="a">Burlington Junction (Mo.)</subfield><subfield code="v">Newspapers.</subfield></datafield><datafield ind1=" " ind2="4" tag="651"><subfield code="a">Skidmore (Mo.)</subfield><subfield code="v">Newspapers.</subfield></datafield><datafield ind1=" " ind2=" " tag="752"><subfield code="a">United States</subfield><subfield code="b">Missouri</subfield><subfield code="c">Nodaway</subfield><subfield code="d">Burlington Junction.</subfield></datafield><datafield ind1=" " ind2=" " tag="752"><subfield code="a">United States</subfield><subfield code="b">Missouri</subfield><subfield code="c">Nodaway</subfield><subfield code="d">Skidmore.</subfield></datafield><datafield ind1="0" ind2="4" tag="780"><subfield code="t">Burlington Junction post (Burlington Junction, Mo. : 1879)</subfield><subfield code="w">(DLC)sn 89066504</subfield></datafield><datafield ind1="0" ind2="4" tag="780"><subfield code="t">Skidmore news</subfield><subfield code="w">(DLC)sn 89066503</subfield></datafield><datafield ind1="1" ind2="7" tag="785"><subfield code="t">Clearmont news</subfield><subfield code="w">(DLC)sn 86063302</subfield></datafield><datafield ind1="1" ind2="7" tag="785"><subfield code="t">Elmo register</subfield><subfield code="w">(DLC)sn 89066507</subfield></datafield><datafield ind1="1" ind2="7" tag="785"><subfield code="t">Burlington Junction post (Burlington Junction, Mo. : 1967)</subfield><subfield code="w">(DLC)sn 89066506</subfield></datafield></record>